3344 5166
827 377 1004 442 ...82-

387 507 677 590 temperatamente
694 502 750 592 (1),
768 525 786 570 e
810 524 845 570 se
863 503 987 580 fossero
1004 507 1089 572 stete
1106 504 1279 592 congiunte
1302 524 1323 570 a
1345 504 1445 590 quelli

386 632 446 678 eon
470 613 578 678 sottile
602 613 746 699 legame,
770 611 907 677 sarebbe
932 614 1018 679 stato
1042 614 1137 678 lecito
1160 633 1180 678 a
1215 612 1320 698 quelle
1355 615 1447 678 stare

385 723 478 808 pigre
502 722 535 785 in
559 720 627 786 ozio
651 740 671 784 a
689 739 764 785 cesa
779 740 855 795 sua,
872 741 890 786 e
907 740 971 786 non
988 719 1172 788 avrebbero
1188 717 1269 786 fatie
1285 723 1313 784 si
1329 719 1447 806 grandi

387 849 460 894 cose
485 826 541 916 (2).
565 827 591 894 E
615 829 704 893 accio
727 829 787 894 ohe
810 847 869 895 oon
893 829 995 914 poche
1030 829 1141 913 parole
1176 829 1207 894 io
1238 828 1337 894 molte
1371 846 1448 892 oose

387 934 583 1012 commoda,
606 935 733 1002 ardisoo
756 933 927 1002 efformare
953 941 1066 1021 queste
1090 955 1200 1001 essere
1223 938 1309 1002 state
1333 935 1405 1000 veri
1429 955 1447 1000 e

386 1045 468 1110 certi
492 1044 664 1120 nomini,e
689 1044 787 1130 quelli
810 1045 943 1130 giovani
960 1044 1059 1110 Menii
1082 1064 1192 1111 essere
1209 1047 1295 1110 stete
1318 1043 1348 1108 le
1372 1039 1449 1108 fem·

386 1151 471 1218 mine
495 1151 554 1219 che
578 1149 735 1218 faoevano
758 1151 866 1236 quella
889 1150 1033 1218 iinzione.

758 1439 953 1500 CAPITOLO
980 1441 1078 1500 XXX.

559 1603 770 1715 Pontesilee
792 1645 933 1730 Regino
957 1647 1053 1717 delle
1078 1647 1279 1718 insomni.

477 1861 665 1928 Pantesilea
689 1864 823 1950 vergine
847 1863 881 1928 fu
904 1866 1019 1950 regina
1042 1863 1124 1931 delle
1142 1867 1333 1944 Amezzoni,
1358 1889 1375 1932 e
1400 1887 1451 1932 sn·

390 1971 518 2037 cedette
541 1969 604 2036 alle
629 1971 742 2057 regine
766 1971 907 2056 Antiope
930 1991 948 2036 e
972 1972 1097 2048 Orizia,
1122 1993 1173 2037 me
1197 1994 1262 2038 non
1296 1979 1375 2059 pero
1398 1975 1450 2040 chi

390 2079 516 2146 sossero
539 2099 598 2145 suo
622 2078 722 2164 padre
745 2100 762 2144 e
787 2098 845 2144 sua
869 2078 980 2143 madre
1002 2099 1072 2154 non.
1089 2080 1131 2144 ho
1155 2081 1245 2146 letto.
1262 2081 1367 2147 Dioesi
1390 2083 1450 2148 che

392 2191 525 2272 questa,
549 2185 744 2272 spregiando
767 2205 827 2250 sna
860 2183 1060 2262 bellezza‚e
1095 2185 1225 2253 domata
1257 2188 1288 2252 la
1323 2189 1449 2254 morbi-

391 2295 488 2360 dezza
512 2294 563 2360 del
585 2313 701 2380 corpo,
726 2293 880 2358 comineio
902 2312 922 2358 a
946 2293 1078 2358 vestirsi
1100 2293 1130 2358 le
1158 2297 1240 2360 armi
1274 2295 1356 2361 delle
1391 2318 1450 2362 sue

391 2408 539 2489 passate,
563 2423 580 2467 e
605 2401 675 2468 andi
698 2402 825 2486 ooprire
849 2421 908 2465 con
932 2399 1045 2466 l’elmo
1069 2403 1079 2465 i
1102 2401 1209 2467 biondi
1233 2404 1363 2488 capelli,
1387 2405 1451 2469 cin-

390 2513 479 2597 gersi
501 2511 522 2576 il
546 2514 710 2585 turoassO,
727 2529 798 2584 e‚a
822 2507 916 2573 modo
932 2508 963 2573 di
979 2509 1142 2574 cavaliere
1166 2530 1184 2574 e
1202 2531 1264 2575 non
1282 2510 1313 2575 di
1334 2511 1449 2589 donna,

390 2623 539 2684 montore
563 2637 660 2702 sopra
683 2617 713 2681 il.
729 2636 841 2692 carro,
866 2617 963 2682 salire
987 2637 1084 2701 sopra
1108 2617 1243 2694 cavalli,
1261 2638 1296 2694 e,
1313 2619 1396 2684 oltre
1420 2621 1450 2684 le
1525 2667 1540 2696 ,

390 2727 475 2792 altre
497 2729 628 2810 passate
651 2725 781 2811 regine,
805 2726 974 2790 mostrarsi
998 2723 1229 2810 marevigliosa
1252 2725 1284 2790 di
1314 2729 1450 2810 potenza

391 2855 409 2898 e
432 2833 464 2898 di
487 2833 673 2919 magistero.
699 2831 774 2898 Aila
798 2832 898 2916 quale·
915 2852 979 2897 non
1002 2853 1113 2897 essere
1136 2834 1285 2898 mannate
1309 2834 1450 2920 ingegno

390 2944 409 3005 e
433 2938 621 3015 manifesto,
646 2938 765 3024 perche
789 2939 816 3003 si
839 2939 935 3025 legge
958 2939 1035 3014 ohe,
1059 2940 1163 3004 insino
1187 2940 1217 3003 al
1241 2959 1300 3004 suo
1331 2945 1449 3026 tempe,

391 3067 455 3112 non
478 3067 535 3112 ere
558 3047 591 3112 in
615 3067 674 3111 nso
697 3049 829 3131 portare
853 3045 884 3110 la
907 3047 1058 3111 mannaia
1093 3066 1151 3132 per
1185 3066 1284 3111 orme.
1310 3049 1450 3124 onesta,

391 3153 530 3221 secondo
553 3153 613 3218 che
646 3155 737 3239 piace
761 3151 801 3218 ad
836 3153 958 3230 alcuni,
983 3152 1073 3220 udiia
1106 3153 1139 3218 ia
1169 3153 1326 3239 prodezze
1350 3153 1450 3241 (3)di

461 3455 503 3528 (l)
523 3457 555 3509 Se
572 3458 621 3509 elie
638 3472 757 3510 anensem
785 3463 874 3530 amoto
901 3456 1110 3526 temperatione,
1128 3455 1155 3507 la
1181 3457 1302 3526 stampe,
1321 3470 1375 3508 non
1403 3471 1453 3526 po-

391 3548 479 3602 nendo
498 3549 587 3600 mente
605 3545 655 3599 ohe
673 3545 720 3616 qui
738 3545 765 3598 le
783 3545 977 3614 temperatione
995 3559 1048 3598 non
1067 3545 1082 3596 e
1109 3542 1127 3596 l'
1138 3547 1249 3612 oggeiio
1276 3543 1452 3610 dell'emore‚
1529 3549 1532 3556 '

392 3655 437 3690 mn
453 3637 472 3690 ii
492 3637 580 3690 modo.

461 3725 503 3798 (2)
522 3725 541 3779 ll
561 3727 618 3780 cod.
638 3727 697 3780 fior.
719 3741 775 3778 non
792 3724 927 3778 Ιιανεὸοηο
934 3726 1067 3793 procreem
1081 3721 1294 3795 (proeeduto)a
1312 3729 1384 3776 tanto
1402 3726 1453 3775 mi-

389 3819 476 3869 sterio.
495 3803 516 3870 Ε
534 3817 655 3870 arbitrio.
681 3814 748 3868 Tam
762 3814 882 3884 prandia
900 3830 958 3868 non
975 3815 1112 3884 fecissem,
1131 3813 1151 3866 il
1170 3817 1248 3867 testo.

462 3905 504 3976 (3)
522 3906 542 3959 il
562 3905 619 3960 cod.
641 3905 676 3971 Α,
696 3905 715 3958 il
734 3904 868 3960 cassinese
886 3921 901 3957 e
919 3904 946 3957 la
964 3907 1070 3974 stampe
1087 3903 1217 3972 leggono:
1237 3901 1309 3955 udilo
1335 3903 1361 3954 lo
1379 3917 1454 3972 pru·

391 3995 480 4050 ἀεητα
498 3995 526 4048 di
543 3993 631 4049 Buore
654 3996 790 4061 Τνοὶαηος
808 4011 852 4048 ma
870 3997 885 4048 e
904 4010 1004 4048 errore.
1023 3992 1124 4047 Audire
1142 3994 1242 4046 crotoni
1259 3991 1376 4047 Recens
1399 3993 1454 4044 vir-

395 4093 454 4138 lule.
