3374 5176
635 443 836 512 -137-

201 589 284 636 rono
306 568 418 636 andati
440 590 460 634 a
482 570 525 636 lei
548 569 604 656 (1),
628 571 691 636 ella
714 575 810 638 conto
833 592 892 656 per
916 572 1028 638 ordine
1053 572 1099 660 (2)
1128 593 1189 640 oon
1223 573 1267 640 la·

203 680 302 743 crime
325 678 355 742 le
380 697 454 744 oose
477 679 537 743 che
572 679 666 746 Sesto
700 681 734 745 in
769 679 876 763 quella
912 683 1004 746 notte
1038 700 1146 746 aveva
1182 678 1265 747 fatto

204 791 319 852 contra
342 787 393 850 lei.
418 787 444 850 E
468 786 697 852 consolandola
719 789 731 852 i
752 789 895 872 parenti,
919 787 1103 875 piangendo
1126 788 1190 854 ella
1214 790 1270 853 mi·

204 891 450 968 serabilmente‚
474 896 581 957 trasse
605 913 649 957 un
672 893 821 970 noitello,
845 893 895 958 oh'
908 894 972 959 ella
995 913 1103 961 aveva
1127 899 1214 960 sotto
1237 895 1270 960 la

204 1006 317 1077 veste,
342 1023 359 1066 e
384 999 480 1066 disse.
506 1000 549 1066 Se
572 1001 603 1065 io
626 1001 814 1066 m'assolvo
838 1000 889 1066 del
913 1005 1064 1085 peccato,
1080 1021 1146 1066 non
1169 1002 1212 1066 mi
1234 1001 1270 1065 li·

204 1105 283 1172 bero
306 1106 391 1172 della
414 1126 515 1192 pena,
540 1127 558 1172 e
580 1126 639 1191 per
663 1109 776 1174 avanti
800 1127 865 1172 non
889 1108 986 1174 vivre
1009 1106 1125 1172 alonna
1145 1106 1270 1172 disone-

205 1219 256 1279 sta
279 1213 320 1278 ad
343 1215 485 1297 esempio
508 1214 542 1279 di
564 1215 732 1280 Lucretia.
757 1215 784 1278 E
809 1214 897 1280 dette
922 1219 1036 1298 queste
1064 1214 1193 1298 parole,
1218 1211 1270 1278 fie-

144 1318 147 1323 ’
203 1322 287 1386 cossi
308 1321 331 1386 il
355 1317 483 1388 coltello
499 1320 573 1386 nell'
586 1322 757 1389 innocente
782 1325 889 1406 pett0,
906 1342 924 1386 e
941 1321 1136 1387 lasoiandosi
1150 1320 1268 1386 cadere

203 1447 301 1512 sopra
323 1427 345 1492 il
368 1426 512 1503 noitello,
536 1429 569 1491 in
592 1447 749 1512 presenza
771 1427 823 1493 del
847 1429 982 1504 marito,
1006 1429 1125 1493 rimase
1161 1431 1270 1492 morta

203 1535 318 1600 a'suoi
340 1533 425 1618 piedi
448 1533 504 1619 (3).
529 1533 660 1600 Infelioe
684 1554 742 1618 per
759 1539 850 1600 certo
875 1532 985 1600 fusua
1008 1533 1183 1599 bellezzae
1207 1552 1268 1598 sua

203 1644 334 1717 onesta,
358 1641 391 1706 ia
414 1640 509 1724 quale
532 1642 596 1704 mai
619 1661 683 1706 non
706 1643 734 1705 si
757 1644 825 1725 pno¹
853 1641 965 1706 lodare
1000 1660 1061 1705 oon
1094 1638 1269 1706 sufficienti

202 1746 267 1812 lodi
291 1750 400 1822 tanto,
425 1750 548 1832 quanto
571 1747 626 1832 pit
658 1751 866 1833 aspramente
900 1747 932 1812 la
965 1759 1028 1812 sna
1058 1747 1199 1832 ingiuria
1235 1744 1269 1810 su

202 1855 326 1939 punita.
350 1853 492 1928 Perohe,
508 1873 573 1919 non
596 1854 775 1920 solamente
793 1853 828 1920 fu
845 1856 1025 1920 ristaurato
1042 1853 1064 1918 11
1081 1873 1140 1918 suo
1157 1871 1268 1927 onore,

202 1959 350 2026 bruttato
374 1978 433 2043 per
456 1958 488 2024 la
512 1960 659 2026 violenza
683 1961 767 2026 dello
791 1960 965 2056 scellerato
989 1961 1121 2046 giovine
1143 1959 1200 2048 (4),
1217 1978 1270 2023 ma

203 2067 348 2134 eziandio
370 2087 430 2152 per
452 2066 558 2151 quello
582 2071 674 2152 segni
699 2065 730 2130 la
754 2066 874 2134 liberta
898 2067 930 2132 di
953 2056 1068 2134 R'oma.

439 2413 442 2420 Ι
562 2332 759 2393 cnrrnono
780 2333 903 2392 xnvn.

480 2463 620 2570 Taniiri
643 2501 775 2585 regina
797 2501 836 2570 11
859 2499 987 2571 Stiria.

289 2699 413 2763 Tamiri
434 2696 468 2762 fu
492 2697 598 2763 nobile
622 2699 738 2784 regina
759 2698 794 2763 in
825 2698 978 2762 Tartaria
1002 2695 1059 2783 (5).
1085 2698 1110 2762 E
1145 2696 1265 2781 perche

198 2807 210 2871 i
234 2806 366 2870 Tartari
389 2823 469 2869 sono
492 2806 525 2870 in
548 2824 645 2890 paese
669 2804 800 2878 sterile,
825 2806 912 2868 sotto
936 2800 1050 2867 fredda
1084 2807 1178 2886 parte
1214 2799 1266 2867 del

199 2912 297 2989 oielo‚
322 2912 420 2979 vieini
442 2911 473 2976 a’
486 2913 588 2977 monti
611 2911 696 2978 Riiei
720 2932 737 2976 e
772 2911 802 2975 a'
815 2910 916 2976 monti
948 2908 1133 2994 Iperborei,
1157 2930 1174 2974 e
1205 2928 1264 2994 per

198 3023 313 3103 questo
337 3019 430 3103 quasi
453 3019 633 3086 solamente
657 3020 835 3084 conosciuti
858 3037 878 3081 a
901 3021 936 3082 se
960 3016 1143 3092 medesimi,
1173 3019 1190 3082 e
1222 3018 1268 3082 in-

269 3232 310 3304 (1)
328 3232 444 3286 Leziona
462 3232 503 3286 da'
514 3232 589 3286 codd.
608 3233 690 3286 torin.
708 3249 723 3286 e
742 3232 785 3285 dol
804 3233 946 3285 cassinate.
966 3231 1043 3286 Nella
1067 3235 1174 3301 stampe
1192 3235 1207 3284 t
1234 3231 1268 3284 da

198 3324 401 3390 correggere‚i
427 3323 511 3392 quoti.
530 3321 550 3374 11
579 3322 670 3375 codice
697 3321 857 3388 florentino,
880 3319 918 3372 Aa·
943 3321 1021 3390 quali
1042 3321 1137 3389 poiche
1163 3321 1267 3390 {torono

196 3413 289 3480 yiunti
305 3428 323 3464 a
342 3412 381 3466 lei.

268 3499 311 3572 (2)
328 3501 421 3554 invene
439 3501 466 3555 di
482 3519 534 3570 per
560 3501 668 3566 ordine,
688 3517 748 3554 esso
777 3501 882 3566 codice,
901 3503 977 3553 conto
1004 3499 1036 3552 de
1061 3506 1161 3568 pomo,
1180 3498 1265 3552 chet

198 3583 259 3642 men
278 3589 357 3643 bello.
381 3589 450 3642 Cum
469 3589 595 3658 lacrymae
612 3597 636 3642 et
653 3589 762 3654 ordine,
781 3589 800 3642 il
819 3592 898 3642 testo.

268 3675 310 3746 (3)
327 3676 367 3730 La
384 3677 542 3746 ripetizione
561 3678 588 3730 di
606 3679 706 3730 colaeetlo
725 3695 789 3747 pore
808 3693 899 3748 zeppa.
914 3676 1007 3730 Infatti
1024 3675 1045 3728 11
1064 3676 1121 3730 cod.
1135 3675 1193 3728 fior.
1208 3691 1263 3728 non

197 3766 215 3818 1·
224 3766 274 3832 ha,
291 3767 380 3834 ficossi
396 3767 461 3836 quel
476 3767 576 3820 coltello
595 3767 659 3819 nell’
670 3769 810 3819 innocente
823 3773 894 3836 petto
915 3772 1039 3834 presente
1063 3766 1085 3817 il
1109 3767 1205 3817 marito
1223 3766 1263 3816 ri-

196 3870 270 3908 mosa
287 3863 374 3908 morto
391 3873 409 3906 a
427 3857 488 3907 suoi
500 3856 580 3924 piedi.
601 3854 728 3909 Tuttavia
745 3855 766 3908 il
785 3859 870 3919 tento,
889 3855 968 3906 illum
987 3856 1017 3905 in
1039 3861 1134 3924 peetus
1156 3855 1264 3924 impeyit

196 3946 360 4010 innocuum,
378 3952 402 3996 et
420 3945 530 3996 vulneri
546 3945 718 4010 incumbens,
735 3945 762 3997 fa
782 3943 876 3997 vedere
894 3944 943 3996 che
956 3943 1018 4012 quel
1037 3941 1200 3996 leeoiandoei
1215 3957 1262 3994 ca-

194 4033 288 4086 deret
307 4034 416 4102 proprio
435 4032 668 4088 dell’Albanzani.

266 4121 307 4191 (4)
326 4121 463 4174 Da'oonesto
478 4123 599 4190 neoniae,
618 4123 639 4174 11
658 4121 716 4175 cod.
736 4121 891 4174 florentino.
1087 4157 1090 4164 ι

265 4211 306 4282 (5)
325 4209 486 4263 ATartnrie
505 4229 519 4264 a
537 4209 688 4273 aTartarn‘,
702 4211 746 4263 nel
765 4215 834 4264 testo
853 4210 981 4279 risponde
996 4210 1101 4279 Scythia
1114 4228 1128 4262 e
1142 4211 1260 4280 δώμαις.
1325 4193 1331 4206 ’
