3266 5168
593 455 791 522 -313-

144 587 229 649 tato
253 581 285 647 di
307 601 400 646 sozza
423 580 578 656 macchia,
603 581 725 666 perche
748 580 811 646 ella
842 579 982 646 divense
1005 579 1049 665 (1)
1079 581 1223 659 crudele,

145 689 335 756 facendone
360 690 479 754 morire
502 688 604 764 molti,
628 709 645 752 e
669 689 761 754 molli
777 687 1007 754 'mandandone
1028 687 1075 774 (2)
1099 691 1131 753 in
1155 690 1222 754 esi-

146 798 209 863 lio.
236 799 369 863 Ancora
391 795 425 862 fu
449 794 583 862 credulo
607 796 665 861 che
689 797 730 861 lei
754 794 839 862 fosse
863 799 983 872 amata,
1005 796 1226 862 consentendo

148 906 277 991 quella,
293 905 346 971 (161
369 924 428 970 suo
443 903 598 990 figliu0103
611 904 696 971 altre
710 905 733 970 il
749 903 858 971 debito
874 924 985 971 amore
1001 909 1150 972 materno
1169 904 1226 992 (3),

149 1015 452 1091 disoneslamenle;
475 1012 594 1098 perche
618 1012 684 1098 egli
706 1032 815 1080 aveva
836 1016 891 1079 tra
926 1013 956 1079 16
991 1033 1048 1078 666
1079 1017 1226 1099 puttsne,

150 1140 226 1186 una
249 1121 422 1186 meretrice
444 1127 555 1186 616616
578 1119 619 1184 de
641 1120 697 1196 lui,
721 1120 936 1206 simiglievole
958 1120 1024 1186 alla
1054 1119 1185 1200 madre3
1209 1141 1228 1186 6

150 1227 310 1294 endando
333 1229 365 1291 in
389 1230 534 1293 carretis
558 1245 618 1292 con
641 1227 674 1291 16
695 1226 807 1292 madre
830 1225 866 1292 fu
887 1228 1075 1294 conosciuto
1099 1247 1157 1312 por
1180 1247 1229 1293 se·

151 1337 217 1422 gni
241 1333 283 1400 da
306 1335 421 1400 lecerli
444 1332 501 1419 (4).
525 1333 552 1398 E
576 1331 691 1399 dicono
714 1334 822 1399 alcuni
845 1334 905 1399 ohe
929 1334 972 1400 lei
1003 1317 1110 1401 trisse
1141 1334 1164 1399 il
1187 1333 1230 1399 fi·-

151 1441 282 1528 gliuolo
303 1461 324 1505 a
348 1440 421 1525 quel
445 1443 589 1525 peccato,
613 1459 672 1524 per
695 1442 883 1526 riouperare
907 1440 954 1526 (5)
979 1461 1040 1507 suo
1063 1445 1150 1508 sisio
1175 1440 1228 1506 (161

152 1548 255 1634 quale
279 1548 342 1614 6116
365 1567 491 1633 pareva
513 1546 649 1627 caduce
673 1548 792 1633 perche
816 1547 899 1633 dopo
935 1549 1066 1615 Nerone
1102 1567 1229 1634 pareva

151 1656 291 1744 suggire
314 1673 373 1720 sua
396 1653 572 1742 brigittae
596 1673 661 1720 non
684 1675 719 1720 se
743 1656 775 1721 16
797 1655 942 1722 lascieva
965 1655 1096 1740 pariare
1120 1657 1152 1720 in
1174 1676 1229 1722 se·

155 1769 253 1830 creto
276 1762 333 1850 (6).
357 1764 430 1831 Non
453 1762 486 1827 di
507 1781 602 1828 meno
624 1763 744 1849 perche
768 1763 963 1832 ellaaveva
986 1767 1090 1831 trotio
1125 1784 1145 1830 a
1168 1783 1228 1830 suo

232 2067 271 2139 (1)
289 2068 416 2121 Diveuue
434 2069 449 2119 6
468 2065 510 2120 (161
528 2065 587 2120 cod.
611 2067 763 2121 florentino.
784 2067 903 2120 Dioeuto
930 2065 971 2121 de'
982 2066 1061 2120 codd.
1082 2067 1195 2121 torinesi
1213 2083 1229 2120 6

157 2157 234 2212 della
252 2161 366 2228 stampe

234 2246 374 2318 (2)(166(
390 2245 591 2299 mcuolaudoue
609 2248 642 2300 in
660 2247 749 2310 csilio,
768 2246 809 2300 de'
823 2246 899 2300 codd.
925 2263 940 2300 6
959 2245 1030 2301 delle
1057 2249 1164 2318 stampe
1182 2262 1229 2300 so-

154 2337 287 2408 pradelti.
306 2337 390 2390 Molli
408 2337 530 2389 cacciare
548 2337 581 2388 iu
599 2337 680 2389 csilio
699 2335 744 2390 (161
762 2336 820 2391 eod.
840 2336 994 2391 florentino.

234 2425 274 2498 (3)
292 2427 431 2488 Materno,
449 2425 477 2478 di
495 2440 556 2479 esso
575 2426 675 2503 codice.
696 2426 778 2480 Verso
798 2427 827 2480 la
844 2425 944 2480 madre
956 2426 1030 2496 degli
1047 2426 1112 2481 altri
1130 2426 1230 2481 edells

159 2520 279 2586 stampe
978 2563 981 2572 ,
1077 2531 1084 2542 ·

234 2605 273 2678 (4)
292 2605 344 2658 Dal
359 2606 462 2674 perche
480 2622 498 2658 6
517 2607 616 2658 tacerli
632 2621 729 2659 mones
747 2604 803 2658 6116
825 2609 946 2676 stampe,
965 2623 980 2659 e
1007 2620 1092 2676 penso
1120 2605 1170 2659 che
1188 2607 1230 2659 sie

157 2697 260 2750 lacuna
278 2695 322 2748 del
340 2694 399 2749 cod.
418 2695 563 2749 cassinese.
582 2694 604 2747 11
620 2711 702 2765 passo
721 2695 944 2767 corrispondente
970 2694 1015 2749 dol
1042 2699 1112 2749 16616
1140 2695 1229 2750 dimo-

160 2790 222 2840 strs
240 2784 290 2840 che
308 2784 485 2839 l'Albenzsni
496 2801 544 2839 ers
562 2786 635 2838 assai
652 2785 701 2855 pil1
714 2784 835 2840 modesto
855 2801 870 2838 e
887 2787 1001 2839 rimeseo
1020 2784 1071 2838 che
1088 2801 1143 2838 non
1155 2784 1230 2838 Mes-

161 2892 209 2929 ser
227 2875 374 2940 Giovsnni‚
393 2874 414 2928 il
432 2874 513 2946 quele
533 2875 561 2928 in
589 2878 686 2946 questo
710 2891 760 2930 suo
787 2874 872 2940 libro,
891 2874 940 2928 che
968 2874 1052 2928 dicesi
1078 2875 1230 2944 ripsratore

161 2964 233 3018 delle
250 2964 354 3018 licenze
372 2963 417 3017 (161
429 2963 658 3029 Decamerone,si
676 2963 771 3035 pelosa
785 2963 1017 3018 coverchismente
1030 2961 1126 3018 libero.
1140 2963 1231 3018 Prae-

163 3062 241 3108 terea
257 3053 398 3108 creditum
417 3055 491 3123 fuit,
509 3070 542 3107 ea
555 3055 699 3123 patiente,
713 3061 830 3122 praeter
856 3053 1022 3107 naturalem
1051 3055 1083 3106 iu
1111 3061 1231 3106 matrem

163 3145 352 3206 dilectioneve,
370 3160 465 3197 amore
483 3144 608 3198 illecebri
624 3160 642 3196 a
659 3144 722 3213 filio
741 3144 832 3215 fuisse
849 3143 995 3207 dilectam,
1013 3159 1078 3197 cum
1097 3145 1124 3196 is
1141 3156 1232 3197 mere·

164 3235 264 3287 tricem
281 3236 308 3287 ei
321 3234 499 3302 persimilem
527 3235 605 3287 iuter
628 3233 744 3302 pellices
771 3235 981 3302 assumpsisset,
999 3241 1027 3287 ei
1053 3234 1232 3287 concubitum
1327 3289 1331 3296 ,

165 3331 343 3377 testarentur
355 3338 492 3392 persaepe
509 3323 637 3376 maculae
660 3323 783 3376 aestibus
807 3324 941 3386 iniectae,
959 3323 1090 3393 quotiens
1112 3339 1177 3377 cum
1200 3338 1232 3375 ea

165 3413 263 3466 lectica
280 3412 374 3465 delata
392 3420 440 3466 est.

236 3500 275 3570 (5)
294 3502 469 3578 llicuperarc
488 3500 531 3554 del
550 3500 608 3555 cod.
628 3500 650 3555 B
669 3518 685 3555 e
713 3501 757 3555 del
783 3501 942 3567 florentino,
961 3503 1118 3554 ricorerare
1136 3499 1233 3555 dell'A

165 3608 181 3645 e
200 3589 272 3644 (16116
290 3593 404 3661 stampe.
510 3605 521 3630 ·

237 3679 276 3751 (6)
294 3679 375 3734 Salvo
394 3679 490 3734 chose
509 3679 538 3732 la
559 3679 681 3733 lasciaoa
697 3681 816 3748 parlare
834 3679 884 3734 che
903 3683 918 3733 6
937 3679 981 3734 (161
1000 3679 1058 3734 cod.
1077 3680 1233 3745 florentino,

164 3772 272 3822 mentre
290 3767 331 3836 gli
349 3767 412 3822 altri
431 3767 523 3822 hanno
541 3785 602 3822 uon
619 3770 647 3822 si
666 3770 797 3832 lasciaoa,
815 3772 911 3841 questo
931 3770 1017 3823 inciso
1036 3771 1051 3822 ὁ
1068 3768 1097 3822 la
1111 3770 1233 3824 versione

167 3858 212 3912 (161
230 3861 315 3913 testo:
328 3857 404 3929 quod
415 3857 448 3910 de
466 3865 572 3911 coetero
585 3857 660 3911 Nero
678 3860 717 3912 sii
735 3859 871 3914 adsuetus
890 3860 988 3929 supere
1005 3861 1069 3913 eius
1084 3861 1234 3914 contuber-

168 3950 262 4012 nium,
280 3957 308 4002 et
324 3947 496 4002 solitudines
514 3948 739 4002 collocutionum.
753 3947 792 4002 Le
805 3947 907 4019 parole,
920 3950 949 4002 in
968 3953 1046 4019 perte
1058 3964 1127 4019 poco
1141 3949 1234 4004 chiese

168 4037 217 4093 che
236 4037 512 4109 proceleusmatico
531 4038 558 4091 61
576 4037 676 4103 codici,
694 4054 750 4092 non
774 4039 872 4093 iurono
899 4038 1081 4108 volgarizmte
1109 4037 1234 4094 (1611111-

167 4127 299 4183 bsnzani:
318 4144 347 4181 eo
366 4125 442 4198 quod
460 4129 493 4182 in
506 4126 647 4180 Neronem
665 4126 836 4197 quibusdam
854 4145 890 4182 ero
908 4131 1002 4183 causis
1014 4129 1140 4183 multum
1158 4131 1234 4184 oblo-

170 4228 235 4273 cuta
254 4221 359 4290 suerat,
378 4218 453 4288 quod
468 4218 587 4287 firmari
603 4219 710 4271 nolunt
727 4218 760 4270 oo
778 4218 816 4270 id.
