3374 5176
651 466 849 530 -lll-

222 595 379 681 cupidita,
404 615 463 680 per
486 611 644 679 speranza
667 592 699 658 di
722 613 823 660 avere
846 593 870 659 il
893 611 952 658 suo
974 599 1084 660 tesoro
1102 592 1159 680 (1),
1177 595 1281 658 uooise

220 705 460 772 atraoimento
483 705 506 770 il
529 707 687 789 cognato,
710 704 733 769 11
757 703 852 788 quale
875 722 941 769 non
963 704 991 768 ei
1024 703 1205 790 guardava.
1230 707 1278 772 La

221 814 296 900 qual
319 833 395 879 oosa
418 831 508 880 come
524 811 612 878 Elisa
635 831 749 896 seppe,
766 811 907 896 portella
930 816 958 876 sl
980 811 1280 896 impazientemente

220 923 280 988 ohe
303 941 324 988 a
346 920 444 988 fatioa
467 920 495 984 si
517 923 653 986 astenne
677 918 707 984 d’
720 918 888 985 aecidersi.
905 919 931 984 E
948 919 1075 986 avendo
1091 924 1280 988 oonsumato

218 1030 318 1096 molto
339 1033 448 1113 tempo
471 1028 505 1092 in
528 1027 656 1112 pianto‚
681 1047 699 1093 e
722 1025 860 1092 indarno
883 1025 930 1113 (2)
954 1027 1144 1094 ohiamando
1168 1047 1280 1114 spesso

217 1139 240 1204 il
263 1156 322 1203 suo
346 1135 460 1203 diletto
483 1134 647 1212 Acerbas,
671 1157 689 1202 e
712 1133 877 1202 chiamata
906 1140 1023 1203 contra
1057 1155 1116 1202 suo
1151 1134 1280 1203 fratello
1358 1149 1364 1162 ·

218 1246 296 1332 ogni
318 1243 447 1310 crudele
471 1242 661 1310 hestemmle
683 1241 740 1330 (3),
760 1242 904 1309 delibero
927 1242 1111 1330 suggire,o
1134 1243 1195 1310 ohe
1217 1243 1280 1310 9119

219 1354 240 1419 1’
252 1371 368 1421 avesse
392 1372 451 1438 per
484 1355 793 1420 ammaestramento
824 1351 856 1416 di
879 1352 1024 1428 visione,
1048 1351 1187 1418 secondo
1221 1351 1281 1418 ohe

217 1461 332 1528 ‹lioono
354 1460 478 1538 alouni;
501 1480 521 1526 o
544 1460 595 1524 ch’
608 1459 671 1525 ella
693 1461 716 1525 11
739 1459 863 1526 facesse
886 1480 944 1545 per
966 1461 1103 1546 proprio
1124 1460 1280 1546 oonsiglio

219 1570 250 1636 di
273 1589 334 1636 sua
354 1572 482 1644 mente,
505 1567 593 1634 forse
616 1567 735 1652 perche
759 1568 938 1634 l’avarizia
965 1567 1017 1634 del
1051 1567 1181 1634 fratello
1215 1587 1279 1633 non

217 1677 412 1745 eondueesse
434 1694 516 1742 anco
539 1675 581 1740 lei
604 1674 669 1740 alla
692 1679 806 1742 morte.
831 1676 876 1751 E,
900 1677 1023 1760 riposta
1047 1675 1079 1740 la
1109 1672 1280 1742 debolezza

219 1785 251 1851 di
274 1785 444 1862 femmina,
468 1805 485 1850 e
509 1782 647 1848 fermeto
669 1782 692 1846 l’
705 1783 812 1849 animo
835 1803 856 1848 a
879 1782 1020 1850 fortezza
1043 1782 1178 1848 d'uomo
1201 1779 1213 1866 f
1221 1801 1280 1866 per

218 1895 249 1960 la
272 1894 347 1979 qual
371 1911 446 1958 cosa
462 1891 525 1958 ella
548 1891 665 1957 merito
688 1909 798 1958 essere
821 1891 983 1957 chiamata
1006 1889 1047 1956 da
1069 1891 1123 1974 poi
1145 1889 1226 1956 Dido
1246 1891 1278 1954 in

219 2001 331 2087 lingua
353 2000 498 2076 Fenioia',
521 1983 582 2064 ohe
605 2001 624 2064 ὁ
646 1997 716 2064 dire
739 1999 772 2063 in
807 1999 909 2065 latino
934 1998 1026 2082 forle
1058 1995 1201 2084 919999),
1224 1999 1278 2062 in-

218 2109 313 2174 nanzi
334 2108 388 2174 911
400 2108 485 2174 altro
500 2125 592 2182 cose,
608 2111 715 2174 trasse
739 2126 759 2170 a
781 2125 840 2172 sua
856 2107 991 2174 volonta
1005 2105 1114 2172 alouni
1136 2106 1280 2190 leprin-

217 2216 278 2300 oipi
301 2214 383 2282 delle
407 2214 536 2290 eittadi,
559 2215 570 2279 i
593 2214 694 2298 quali,
718 2233 776 2299 per
800 2215 892 2280 varie
915 2212 1060 2300 oagioni,
1077 2214 1140 2279 ella
1157 2232 1279 2298 sapeva

217 2340 318 2389 avere
341 2323 373 2386 in
408 2319 481 2388 odio
510 2319 722 2406 Pigmalione.
746 2321 772 2386 E
796 2319 877 2387 tolte
901 2320 931 2386 le
955 2321 1034 2388 navi
1056 2319 1107 2386 del
1137 2319 1278 2398 fratello,

214 2428 462 2514 appareoehiate
485 2447 544 2512 per
567 2427 722 2494 mandare
744 2447 764 2492 a
787 2427 830 2494 lei
860 2426 968 2513 (4),ο
1002 2447 1061 2512 per
1095 2428 1183 2496 altra
1216 2448 1276 2493 oa-

215 2537 329 2624 gione,
346 2535 446 2602 focale
470 2535 576 2602 subito
600 2535 742 2620 empiere
759 2534 990 2622 de'oompagni
1007 2532 1103 2619 (5)AE
1120 2534 1152 2600 di
1175 2539 1277 2613 nolte,

215 2645 299 2711 tofto
334 2644 356 2710 11
390 2647 502 2710 tesoro
536 2641 588 2708 del
621 2643 759 2719 marito,
792 2643 814 2708 il
850 2643 944 2726 quale
987 2643 1051 2708 ella
1085 2662 1225 2727 sapeva,
1259 2664 1277 2708 a

215 2750 323 2836 quello
344 2751 403 2816 che
427 2752 490 2816 ella
513 2754 588 2836 pot'e
610 2751 724 2816 levare
747 2751 779 2816 al
801 2748 949 2825 fratello,
974 2748 1076 2815 feoelo
1104 2753 1276 2816 nasoosta-

215 2863 324 2926 mente
347 2863 486 2926 mettere
509 2859 542 2923 in
566 2877 668 2934 nave,
693 2877 729 2934 e,
753 2875 812 2924 oon
836 2856 1017 2924 deliberata
1045 2855 1184 2934 melizia,
1208 2856 1275 2924 fece

281 3265 323 3336 (1)
341 3263 452 3337 Τιορρο
471 3267 610 3322 9999991119
628 3268 649 3322 11
667 3269 755 3336 primo
779 3284 856 3322 avere
883 3263 954 3324 nella
981 3273 1101 3341 stampe,
1126 3287 1176 3341 per
1198 3287 1276 3324 overe

139 3427 143 3434 ι
210 3372 347 3426 sper-ama
364 3355 476 3410 dovere
494 3358 519 3409 lo
536 3373 586 3410 auo
605 3365 697 3410 lesem.

281 3443 322 3515 (2)
342 3445 503 3514 Gerreggasi
522 3447 549 3500 19
576 3451 695 3517 stampe,
720 3446 746 3499 Ε
770 3449 872 3502 avendo
900 3458 1056 3503 consummo
1083 3451 1163 3504 nelo
1190 3458 1274 3521 tempo

210 3535 342 3600 iadorae,
360 3537 498 3605 91919919,
517 3536 675 3590 &amando
693 3539 790 3608 iepesse
808 3539 873 3592 volte
892 3540 915 3592 lo
933 3555 983 3592 ruo
999 3539 1085 3594 11119119
1104 3540 1202 3594 Sabaeo.

281 3623 322 3695 (3)
339 3624 427 3696 Atque
445 3628 474 3678 in
491 3628 606 3696 fratrem
630 3627 705 3680 dirae
733 3645 826 3682 omnes
852 3632 1030 3684 execrationes
1054 3633 1198 3700 9911919991.
1218 3630 1273 3686 Μ91

210 3719 301 3768 999919
318 3714 389 3768 nella
408 3719 527 3785 stampe:
545 3733 560 3768 9
577 3717 706 3769 mandato
724 3725 817 3770 contro
834 3735 852 3770 9
878 3735 928 3772 auo
954 3719 1077 3791 fratello,
1099 3737 1115 3772 e
1141 3720 1274 3774 ctiamofa

186 3803 188 3808 '
209 3804 276 3872 9ρηὶ
292 3803 398 3856 crudele
417 3803 574 3858 bestemmala.

281 3891 322 3964 (4)
339 3878 361 3946 Ε
379 3897 478 3960 guasto
495 3893 598 3947 lezione
616 3893 645 3947 di
663 3895 755 3948 tottii
784 3896 874 3964 codd.,
893 3897 1038 3952 dorendosi
1061 3897 1199 3952 intendere
1220 3893 1273 3969 per

210 3981 401 4036 meduwaie
420 3984 459 4036 let.
479 3983 499 4036 11
517 3982 578 4046 lat,
596 3999 643 4036 seu
661 3983 698 4036 ad
713 4001 774 4037 eam
791 3987 1015 4056 transferendam.

279 4070 321 4142 (5)
339 4070 392 4125 Pio
411 4071 495 4156 fedele
512 4072 539 4126 al
564 4074 692 4144 compleri
709 4076 785 4128 999119
803 4077 879 4128 iussit
896 4076 938 4130 del
966 4082 1050 4142 testo,
1070 4077 1119 4132 che
1142 4079 1162 4133 il
1190 4080 1270 4149 secolo

206 4159 292 4228 991119
309 4163 428 4248 caecam
444 4161 472 4214 α’
483 4163 590 4216 nomini
612 4164 656 4217 del
674 4163 732 4218 eod.
753 4165 904 4220 florentino.
