3266 5168
567 484 767 550 -327-

134 629 171 674 se
194 629 260 674 non
283 610 304 675 l’
317 610 424 676 utilite
447 608 476 674 le
493 629 617 694 pareva
633 611 687 694 ρίῐι
702 609 963 695 appareeohiata,
980 629 1044 675 non
1061 609 1198 677 facendo

134 713 310 782 differenza
325 716 366 781 da
382 718 490 783 mariti
505 717 547 781 ad
563 719 657 782 amici
670 717 723 804 (1).
738 719 764 782 Ε
781 719 967 782 oonosoiute
983 717 1015 782 le
1031 716 1138 782 donna
1151 717 1198 804 (2)

25 877 27 916 ;
133 845 195 909 ρει
218 825 325 909 questi
347 826 449 910 segni,
466 823 547 890 ebbe
570 825 657 890 assai
679 823 870 890 favorevole
894 824 926 889 la
950 823 1092 891 fortuna.
1109 827 1199 891 Per-

25 1003 29 1026 ὲ
134 931 207 1007 che,
230 929 359 998 avendo
382 931 445 996 elle
478 931 694 999 abbondevoli
727 932 891 996 riochezze
922 951 943 996 a
976 936 1145 998 sostenere
1169 933 1200 996 la

135 1037 243 1123 gloria
267 1038 298 1104 di
321 1058 381 1102 sua
403 1039 543 1104 schiatta
567 1038 622 1125 (3),
647 1039 910 1124 primieramente
934 1036 968 1102 fu
1002 1040 1157 1104 maritata
1181 1058 1200 1102 a

135 1141 232 1210 Ruffo
256 1144 370 1230 Crispo
394 1146 557 1212 caveliere
579 1165 734 1225 roman03
758 1168 776 1212 e
800 1145 928 1214 avendo
958 1147 1013 1233 gie
1042 1150 1144 1213 avuto
1168 1145 1200 1210 di

25 1345 27 1354 J
137 1253 244 1336 quello
268 1273 312 1317 un
335 1251 489 1340 figliuolo,
512 1274 571 1339 per
592 1254 744 1342 losinghe
767 1253 799 1320 di
823 1255 943 1322 Ottone
978 1258 1110 1339 potente
1141 1274 1200 1339 per

135 1362 277 1426 lussuria
302 1382 319 1427 e
343 1381 402 1446 per
424 1360 456 1426 le
487 1363 676 1447 giovinezza
709 1362 796 1428 nella
830 1361 961 1448 brigata
991 1362 1023 1427 di
1058 1362 1199 1439 Nerone,

136 1469 313 1534 aooostossi
336 1489 394 1554 ρει
417 1468 580 1535 adulterio
604 1490 624 1535 a
647 1472 722 1555 quel
744 1469 920 1535 medesimo
940 1469 1071 1546 Ottone,
1095 1491 1112 1536 e
1135 1489 1199 1534 non

25 1567 26 1570 '
137 1575 319 1662 perlongo
342 1578 450 1661 spazio
473 1576 606 1644 divento
640 1597 700 1643 sua
735 1577 852 1664 moglie
875 1576 984 1664 (4).Ε
1020 1596 1079 1662 ρει
1109 1581 1199 1643 certo

137 1686 263 1766 queste,
288 1703 307 1748 o
330 1683 389 1748 ohe
413 1682 498 1750 fosse
522 1683 641 1770 perche
665 1685 696 1750 ei
718 1682 803 1750 fosse
827 1704 901 1749 men
924 1687 1020 1750 cauto
1051 1683 1197 1749 nell'ar-

137 1787 216 1854 dore
240 1789 448 1867 dell'amore,
472 1811 491 1856 o
514 1790 634 1877 perche
658 1810 722 1855 non
745 1794 874 1875 potesse
897 1794 1101 1875 comportare
1121 1789 1167 1877 (5)
1189 1791 1201 1856 i

137 1898 274 1962 costumi
298 1897 329 1961 di
352 1898 459 1982 quella
482 1891 606 1964 lesciva
629 1897 794 1974 donna‚e
829 1917 888 1982 ρει
921 1898 1028 1982 quello
1051 1899 1078 1962 si
1113 1896 1200 1962 sfor-

137 2023 228 2069 zasse
251 2004 357 2070 treola
380 2003 427 2090 (6)
450 2004 482 2069 al
505 2007 633 2089 piaoere
658 2005 689 2071 di
711 2005 854 2081 Nerone,
877 2024 897 2070 o
920 2005 979 2070 che
1011 2002 1098 2070 fosse
1125 2025 1200 2090 per-

138 2111 198 2175 ohe
220 2111 252 2175 la
275 2109 408 2176 fortune
431 2110 463 2176 di
486 2112 618 2197 Poppea
642 2115 709 2176 cosi
732 2110 777 2198 (7)
800 2111 1008 2187 richiedesse,
1033 2110 1201 2178 levandosi

139 2217 190 2284 del
215 2220 345 2286 convito
369 2218 443 2284 dell'
455 2219 662 2304 imperatore,
686 2239 744 2285 era
767 2219 857 2286 udito
881 2219 950 2285 dire
981 2240 1040 2305 per
1070 2239 1200 2296 usanza,

139 2329 174 2391 se
197 2324 319 2392 andere
342 2345 362 2391 a
386 2327 504 2411 quella,
527 2327 592 2392 alla
615 2327 710 2412 quale
733 2326 785 2393 dal
816 2328 897 2394 cielo
931 2347 990 2393 era
1023 2328 1201 2394 oonoedute

208 2627 248 2700 (1)
266 2627 318 2680 Dal
336 2641 466 2681 eonsenno
485 2626 526 2680 de’
539 2631 581 2680 tre
600 2627 712 2681 cedde
730 2643 773 2680 me
791 2628 850 2680 noti
867 2627 974 2681 sembra
1002 2626 1051 2681 che
1069 2626 1202 2681 l'Albon-

138 2719 199 2771 zani
217 2733 270 2772 con
288 2717 315 2770 le
333 2716 429 2786 parole
446 2719 532 2771 amici
549 2717 631 2771 obbia
648 2717 740 2771 voluto
759 2720 900 2772 attenuere
919 2717 939 2770 il
958 2717 1049 2772 valore
1068 2717 1110 2770 del
1128 2735 1202 2770 moe-

139 2809 203 2860 chos
221 2807 265 2860 del
283 2810 367 2871 testo,
387 2808 505 2860 nullum
524 2808 631 2876 faciens
650 2809 727 2860 inter
751 2811 871 2860 maritos
896 2807 1075 2878 moechoeque
1097 2807 1202 2861 diocri-

138 2913 211 2960 men,
230 2896 280 2950 che
299 2895 372 2949 nelle
390 2899 498 2966 stampe
515 2899 530 2948 ὸ
548 2895 674 2960 renduto,
693 2897 885 2950 concubinari.

209 2983 247 3056 (2)
264 2985 287 3038 E
308 3000 362 3038 non
381 2987 542 3039 conosciuta
560 2985 657 3038 donna
675 2984 719 3038 del
738 2984 796 3039 cod.
815 2985 968 3041 florentino.
988 2985 1041 3039 His
1059 2987 1202 3055 insiynito

140 3077 214 3128 notis
233 3077 357 3145 somnino
374 3073 395 3128 il
412 3077 498 3141 testo,
516 3075 559 3129 oui
588 3074 643 3128 mol
670 3075 797 3144 risponde
820 3074 848 3128 le
866 3079 980 3146 stampe.
1000 3075 1027 3129 Ε
1042 3078 1203 3129 conosciuta

137 3181 190 3233 per
208 3167 301 3234 questi
317 3166 405 3234 sequi.

210 3253 248 3325 (3)
267 3253 370 3317 Questo
397 3255 497 3320 inciso,
516 3255 645 3309 richiesto
664 3254 709 3309 del
736 3271 814 3309 senso
834 3273 849 3309 ε
868 3255 913 3308 dal
939 3259 1009 3309 testo
1028 3255 1114 3325 (nom
1138 3273 1202 3309 cum

140 3345 195 3396 sibi
211 3343 324 3397 abunde
341 3345 492 3413 facultates
509 3345 547 3398 od
561 3346 686 3414 gloriam
708 3347 824 3414 omerio
846 3344 1045 3398 sustinendam
1069 3353 1202 3414 suppete-

141 3431 232 3503 rent),
249 3449 347 3486 manca
365 3432 553 3508 elleetempo.

207 3521 245 3594 (4)
263 3523 319 3578 Nec
336 3524 389 3577 diu
406 3531 432 3576 et
450 3526 556 3578 coniux
574 3524 668 3594 effecta
685 3532 733 3578 est.
752 3521 917 3594 Correggesi
934 3523 963 3577 la
981 3525 1097 3594 stampe,
1116 3540 1131 3577 e
1147 3540 1202 3593 per

142 3614 228 3683 lunqo
245 3615 344 3682 spatio
361 3614 473 3666 divento
491 3631 546 3667 sua
563 3615 672 3683 moylie.

209 3701 247 3772 (5)
269 3703 449 3773 comportare
467 3702 594 3758 de'eodd.
613 3704 726 3758 torinesi
744 3719 759 3756 e
778 3703 849 3757 della
875 3707 996 3773 stampe,
1014 3703 1141 3773 oofferire
1159 3700 1202 3755 del

140 3791 290 3846 florentino.

210 3881 248 3948 (6)
268 3881 300 3934 Si
317 3883 450 3951 foroiaosi
467 3881 569 3947 traria,
588 3897 648 3935 osso
667 3881 767 3936 codice.

209 3971 250 4041 (7)
269 3971 323 4024 Seu
341 3973 382 4024 sic
400 3973 526 4040 exiyente
544 3971 664 4040 fortuna
683 3970 847 4040 Poppeaeil
875 3973 959 4036 test03
979 3971 1008 4024 la
1034 3972 1153 4041 fortuna
1172 3971 1204 4024 di

142 4059 252 4129 Poppea
271 4062 294 4114 il
312 4059 478 4114 richiedesoe
496 4061 505 4114 i
524 4059 599 4113 codd.
619 4060 732 4114 torinesi
750 4076 765 4114 e
783 4059 811 4114 la
829 4063 951 4130 stampe,
970 4076 1014 4114 me
1032 4076 1086 4114 non
1104 4059 1125 4113 il
1148 4060 1203 4113 fio-

141 4149 254 4202 rentino.
421 4140 424 4154 '
913 4145 920 4157 ⁴
