3160 5204
842 511 887 527 -
909 478 974 544 326
997 515 1040 529 -

413 601 442 666 le
464 601 549 668 altre
573 600 678 668 donne
701 621 844 668 romane.
870 603 1000 668 Ancora
1023 602 1085 668 ella
1109 621 1215 668 aveva
1241 622 1284 666 un
1311 623 1420 668 soave
1440 603 1493 688 (1)

412 709 552 795 parlare,
576 729 594 774 e
617 715 754 776 sonante
777 729 838 774 aon
859 709 1009 778 lodevole
1032 709 1180 776 doleezza
1198 710 1264 797 (2);
1287 729 1406 777 avesa
1431 713 1494 775 in-

411 837 519 903 gegno
543 815 649 882 nobile
665 815 743 902 (3)e
767 817 887 894 sottile,
910 837 946 882 se
970 816 1032 882 ella
1056 816 1087 882 lo
1102 836 1218 883 avesse
1236 823 1332 884 usato
1356 837 1381 882 a
1399 837 1492 883 one·

411 929 461 990 ste
485 943 568 990 oose.
593 922 642 989 Ed
665 922 745 988 ebbe
769 944 827 1008 per
850 944 971 989 usanza
1001 927 1163 990 mostrare
1197 926 1229 988 in
1253 924 1366 1009 palese
1401 944 1491 989 oon-

411 1033 611 1098 tinuamente
626 1030 785 1098 modestia
808 1051 825 1096 e
848 1033 881 1097 in
900 1035 1028 1098 secreto
1046 1052 1142 1098 usare
1165 1031 1299 1099 lascivia
1316 1030 1379 1116 (4),
1394 1033 1490 1098 vizio

412 1159 547 1206 comune
571 1138 633 1204 alle
655 1139 805 1205 lammina
839 1160 857 1204 e
891 1140 1033 1205 usaendo
1057 1139 1189 1226 (5)e11a
1223 1139 1301 1204 rade
1326 1141 1424 1206 volte
1451 1143 1489 1204 in

411 1247 509 1334 luogo
531 1248 658 1332 palese,
682 1267 746 1312 non
778 1267 835 1312 era
865 1267 962 1312 senza
992 1251 1075 1313 arte.
1108 1246 1250 1322 Perehe‚
1275 1247 1357 1322 ella,
1386 1267 1490 1312 come

411 1355 558 1420 sealtrila
580 1353 731 1419 femmina
753 1355 809 1442 (6),
833 1353 1003 1420 s'aaoorse
1027 1358 1121 1440 poter
1145 1353 1295 1420 dilettare
1326 1373 1347 1418 a
1372 1356 1488 1432 molti,

411 1481 428 1526 e
452 1462 485 1526 in
508 1462 663 1547 speoialtd
685 1462 906 1548 a'maggiori,
931 1481 1058 1547 sempre
1083 1461 1144 1528 ella
1168 1463 1280 1530 nsoiva
1303 1460 1395 1527 fuori
1421 1483 1487 1528 co-
1577 1545 1578 1548 Ἴ

410 1575 503 1654 perta
526 1572 558 1634 in
581 1589 665 1656 gran
688 1574 792 1655 parte,
815 1590 879 1636 non
902 1590 960 1655 per
984 1570 1184 1636 nascondere
1208 1569 1315 1655 quello
1347 1569 1415 1634 ohe
1441 1573 1488 1635 lei
1577 1567 1578 1578 ’

410 1675 602 1742 desiderava
625 1677 684 1742 che
706 1678 850 1762 placasse
874 1677 915 1742 ad
938 1679 1014 1744 altri
1031 1676 1097 1763 (7);
1114 1697 1165 1742 ma
1188 1697 1246 1762 per
1264 1695 1331 1740 non
1347 1679 1487 1742 saziare
1569 1702 1574 1713 ·

409 1789 526 1870 troppo
549 1784 595 1871 gli
617 1785 710 1849 oeohi
732 1783 764 1849 di
800 1785 898 1868 quelli
922 1785 981 1850 ohe
1017 1785 1046 1849 la
1071 1784 1285 1871 guardavano
1316 1783 1369 1849 col
1409 1806 1486 1850 mo-
1569 1814 1574 1851 ι

411 1893 528 1957 strarsi
550 1891 773 1969 liberamento,
797 1911 849 1956 ma
883 1893 1041 1976 piuttosto
1075 1891 1194 1976 perche
1230 1890 1485 1958 desiderassem
1569 1968 1573 1985 Ι

411 1998 531 2067 vedere
554 1998 661 2084 quello
684 1999 743 2064 ohe
766 1999 798 2063 la
821 1998 1028 2066 nascendeva
1062 1998 1112 2063 ool
1145 1997 1219 2066 velo
1243 1987 1297 2083 (8).
1326 1999 1354 2063 Ε
1387 2003 1483 2064 aaoid

410 2103 469 2170 ebe
492 2106 523 2169 io
546 2125 610 2171 non
634 2106 742 2172 cerohi
764 2106 841 2192 ogni
864 2125 940 2171 cosa
964 2105 1013 2172 de'
1027 2107 1097 2171 suoi
1120 2107 1274 2182 costumi,
1298 2125 1365 2171 non
1395 2127 1480 2190 per-

410 2210 559 2278 donando
582 2215 645 2278 mai
668 2214 733 2279 alla
756 2212 859 2289 lama,
883 2233 948 2279 non
971 2215 1111 2300 plegava
1134 2213 1179 2298 (9)
1203 2213 1225 2278 il
1257 2233 1317 2278 sno
1347 2217 1481 2299 apetito

480 2531 518 2604 (l)
536 2532 635 2586 De’tre
653 2533 729 2587 codd.
749 2550 765 2586 a
783 2549 825 2586 me
843 2534 916 2600 noti;
934 2535 1092 2603 correggesi
1110 2533 1138 2587 la
1164 2537 1285 2604 stampe,
1304 2551 1346 2588 un
1374 2537 1477 2605 sinpo-

410 2623 470 2675 lare
488 2640 502 2675 e
519 2639 599 2677 soaae
614 2624 740 2692 parlare.
1576 2695 1577 2700 Ἰ

479 2711 517 2783 (2)
535 2712 556 2765 ll
574 2716 645 2767 testo
665 2713 807 2768 laudabili
822 2730 944 2767 sonorus
962 2714 1116 2768 dulcedine.
1136 2714 1158 2767 Il
1176 2714 1234 2769 solo
1254 2714 1345 2769 codiee
1370 2715 1476 2768 fioren-

408 2802 474 2867 tino,
492 2810 664 2856 consonante
681 2819 732 2856 aon
753 2802 871 2856 lodenole
889 2802 1028 2856 dolciece'a.

478 2891 516 2962 (3)
534 2891 569 2945 Se
588 2908 644 2946 non
662 2893 734 2946 fosse
753 2892 780 2946 di
797 2893 862 2948 tutti
881 2893 891 2946 i
909 2892 1001 2958 codd,
1019 2893 1131 2947 temeret
1150 2893 1177 2948 di
1201 2893 1265 2966 quel
1289 2895 1397 2956 nobile,
1417 2893 1475 2956 che,

408 2997 458 3050 per
474 2981 636 3051 rispondere
654 2981 682 3035 al
699 2984 831 3036 versatile
849 2982 892 3034 del
910 2981 1005 3048 latino,
1025 2983 1193 3053 (inpeninm
1218 2986 1362 3053 eyreyium
1387 2991 1475 3053 atque

376 3069 381 3083 '
409 3070 557 3140 versatile)
577 3072 651 3124 avrel
669 3071 780 3125 creduto
800 3072 897 3125 dovere
916 3088 1004 3124 essere
1021 3073 1128 3125 mobile.

480 3157 518 3229 (4)
537 3159 564 3212 Il
581 3161 653 3213 clam
671 3169 766 3214 autem
784 3162 831 3213 uti
849 3163 964 3214 lascivia
983 3159 1026 3213 del
1043 3164 1123 3228 testa,
1142 3161 1180 3214 mi
1197 3161 1225 3214 sa
1243 3161 1375 3231 preterire
1403 3177 1475 3232 que-

408 3253 451 3302 ata
468 3248 572 3302 lezione
591 3248 640 3303 che
659 3252 674 3302 b
693 3249 736 3303 del
754 3249 813 3304 solo
831 3251 890 3305 eod.
908 3251 1059 3317 florentino,
1078 3255 1182 3304 mentre
1200 3250 1241 3320 gli
1258 3249 1323 3304 altri
1346 3250 1442 3304 hanna
1461 3270 1476 3304 e

410 3342 441 3392 in
460 3347 562 3393 secreto
582 3341 698 3394 lascivia
716 3343 787 3394 retto
805 3340 840 3394 da
858 3341 919 3394 ebbe
932 3357 987 3410 par
1005 3357 1118 3395 asanaa
1136 3350 1282 3395 mastrare.

479 3428 518 3500 (5)
535 3427 576 3483 La
594 3429 652 3484 sole
676 3433 784 3500 stampe
808 3430 933 3494 aranda,
950 3430 979 3484 in
996 3430 1080 3500 luogo
1099 3431 1126 3484 di
1150 3431 1285 3496 ascendo,
1304 3432 1475 3488 confermata

408 3518 454 3573 dal
471 3518 565 3586 latino,
583 3537 647 3574 cum
665 3521 714 3574 illi
732 3537 819 3575 rarus
837 3530 906 3574 esset
925 3523 958 3574 in
973 3523 1123 3590 publicum
1141 3538 1280 3591 apresens.

478 3608 517 3681 (6)
534 3609 557 3662 Ε
575 3624 629 3663 non
648 3609 718 3663 colla
735 3614 855 3680 stampe:
875 3610 1089 3664 Percb’ell’era
1106 3611 1251 3664 soalterita
1269 3612 1416 3682 semmr'na

478 3697 518 3769 (7)
537 3697 703 3767 Correggaei
720 3698 748 3752 le
765 3701 886 3768 stampe,
905 3716 964 3753 nen
979 3716 1033 3768 per
1051 3699 1223 3753 nascendere
1240 3699 1333 3770 quello
1356 3702 1407 3754 ebe
1424 3701 1476 3756 de·

408 3788 576 3842 sideraaano
594 3807 609 3842 e
627 3791 675 3843 obe
689 3791 806 3858 piaoeva
823 3789 861 3842 ad
877 3791 956 3842 altri.

478 3876 518 3948 (8)
536 3878 559 3932 E
578 3879 626 3949 qui
643 3877 687 3931 del
705 3878 832 3948 pariana
846 3880 986 3948 plutiano
1000 3880 1104 3948 perabe’
1122 3881 1216 3951 quello
1233 3881 1283 3933 cbe
1298 3881 1476 3936 naseondeea

407 3969 502 4037 eylino
519 3967 731 4021 desiderassem.

479 4055 519 4128 (9)
536 4056 559 4109 ll
576 4056 634 4110 eod.
652 4056 847 4121 florentiamal
865 4058 955 4124 solito,
972 4057 1010 4112 ha
1027 4059 1145 4112 clinare
1162 4059 1190 4112 in
1208 4057 1293 4128 luogo
1313 4059 1342 4112 di
1356 4063 1478 4130 pieyare

408 4145 481 4214 degli
499 4145 563 4199 altri
582 4145 675 4198 codici.
