3266 5168
625 513 669 528 -
692 479 758 546 339
780 513 823 530 -

191 606 245 670 tra
267 602 297 668 le
321 602 462 672 lodevoli
485 622 593 689 opere,
618 625 637 670 e
670 604 843 690 seppellire
876 606 1010 671 insieme
1041 605 1074 670 la
1098 603 1184 673 sama
1208 608 1258 674 col

191 729 290 797 eonpo
305 709 359 798 (1),
376 731 394 776 e
417 713 550 797 pantirai
565 711 650 778 della
665 713 735 780 vita
751 731 842 779 come
858 732 922 779 non
937 711 1065 780 fossero
1086 715 1210 783 vivute.

511 1017 708 1078 GAPI'I'OLO
739 1017 939 1079 Lxxxxvl.

541 1205 715 1276 Faustina
736 1203 912 1292 Augusta.

281 1423 438 1490 Faustina
460 1422 657 1510 Augustae
679 1423 732 1508 poi
755 1425 849 1508 posta
872 1421 976 1488 infra
999 1424 1045 1510 gli
1068 1421 1130 1499 dei,
1147 1423 1257 1510 anqui-

194 1533 245 1597 sto
267 1531 409 1598 vivendo
433 1552 451 1597 e
475 1529 629 1597 monendo
653 1531 752 1597 molta
782 1531 887 1616 gloria
910 1531 966 1616 ρίἱι
999 1551 1059 1617 pen
1090 1530 1259 1616 benignita

193 1640 244 1705 del
267 1641 395 1715 marito,
419 1638 478 1704 ohe
501 1658 561 1725 per
583 1657 644 1704 sua
666 1657 775 1723 opera.
799 1638 871 1704 Ella
894 1637 929 1703 su
959 1637 1104 1726 figliuola
1133 1639 1164 1704 di
1188 1639 1257 1704 An-

193 1749 306 1814 tonino
331 1747 390 1812 Pio
414 1747 622 1831 imperatore,
646 1766 664 1810 e
688 1743 719 1809 di
742 1746 898 1812 Faustina
927 1747 1045 1833 moglie
1070 1745 1101 1810 di
1132 1745 1257 1830 quello:

194 1852 269 1920 efn
292 1854 410 1939 moglie
434 1853 466 1918 di
500 1854 612 1918 Marco
637 1852 802 1918 Antonino
836 1852 985 1919 adottato
1019 1872 1078 1939 per
1112 1849 1257 1940 figliuolo

193 1961 321 2026 innanzi
344 1959 385 2025 da
409 1959 574 2026 Antonino
599 1959 676 2025 Pio:
702 1979 736 2035 e,
760 1965 866 2026 morto
890 1978 950 2025 suo
973 1960 1092 2045 padre,
1116 1959 1180 2025 ella
1208 1960 1255 2024 si·

193 2069 375 2156 gnoreggio
398 2068 531 2133 insieme
555 2066 604 2132 col
626 2068 755 2132 marito.
779 2068 846 2132 Per
880 2065 1013 2132 decreto
1047 2065 1099 2132 del
1135 2067 1257 2134 Senato

195 2175 229 2241 su
252 2176 415 2262 appellata
439 2175 601 2263 Augusta,
625 2175 656 2240 la
679 2175 755 2260 qual
778 2194 854 2241 cosa
876 2194 942 2241 non
966 2195 1023 2242 ena
1046 2175 1168 2260 piacola
1185 2176 1258 2263 glo-

193 2286 242 2350 ria
265 2283 311 2371 (2)
334 2304 355 2349 a
377 2303 442 2349 una
466 2282 573 2349 donna
606 2282 639 2347 in
663 2283 736 2368 quel
767 2285 936 2369 tempoli
972 2281 1095 2349 benche
1129 2283 1259 2348 innanzi

194 2394 238 2479 gt’
251 2392 442 2477 imperatori
465 2389 590 2457 fosseno
619 2389 771 2456 chiamati
794 2392 954 2476 Augusti,
978 2393 1078 2455 niuna
1111 2393 1280 2476 impera·⁴

196 2501 277 2565 trice
302 2504 399 2565 trove
422 2499 551 2563 innanzi
574 2517 594 2562 a
616 2502 733 2582 questa
756 2518 866 2564 essene
890 2501 976 2563 stata
1002 2496 1165 2563 chiamata
1184 2499 1258 2563 Au-

196 2610 294 2693 gusta
317 2625 375 2690 per
399 2603 531 2671 decreto
555 2603 605 2670 del
628 2605 759 2671 Senato
786 2605 918 2669 Ancora
942 2601 1061 2668 eliasu
1085 2603 1117 2669 di
1141 2608 1167 2668 st
1192 2605 1258 2670 sin-

195 2715 307 2800 golare
331 2711 490 2790 bellezza‚
512 2711 572 2778 ohe
596 2712 712 2806 alcuna
735 2731 810 2777 cose
835 2710 866 2776 di
890 2711 1025 2778 divinita
1047 2731 1171 2797 pareva
1194 2715 1258 2778 mi-

194 2822 321 2888 schiata
343 2820 388 2907 (3)
412 2839 472 2884 oon
497 2819 528 2884 la
552 2839 611 2884 sna
633 2820 808 2886 mortalita.
832 2819 881 2884 La
904 2818 1009 2904 quale,
1030 2820 1118 2884 accio
1142 2839 1207 2884 non
1231 2821 1259 2885 si

194 2948 403 2994 consumasse
427 2946 485 3013 per
510 2927 701 2993 vecchiezza
725 2929 765 2991 ne
789 2946 847 3011 per
869 2931 993 3002 morte,
1016 2945 1168 2992 avvenne
1198 2927 1257 2992 ohe

194 3037 227 3100 la
249 3056 309 3100 aua
331 3033 443 3112 faccia,
468 3034 604 3100 essendo
628 3034 670 3099 lei
692 3035 885 3121 giovinetta‚
905 3054 923 3099 e
946 3034 999 3118 poi
1021 3035 1053 3097 in
1076 3035 1131 3119 pin
1154 3031 1257 3100 ferma

139 3163 142 3168 ·
195 3145 258 3220 eta,
281 3142 315 3208 fu
339 3143 474 3229 zcolpita
497 3143 530 3208 in
553 3145 684 3208 moneta
707 3142 818 3218 d’oro,
843 3141 873 3206 d'
889 3145 1029 3228 argento
1053 3161 1071 3206 e
1093 3141 1126 3208 di
1155 3162 1256 3220 rame,

263 3446 302 3519 (1)
321 3445 401 3500 Nella
419 3448 534 3517 stampe,
553 3444 702 3500 maneando
721 3444 742 3498 il
769 3438 875 3511 codiee,
894 3447 990 3515 questo
1015 3445 1125 3516 periodo
1149 3447 1165 3498 e
1188 3459 1257 3514 eup-

194 3536 262 3608 plito
281 3535 324 3590 col
342 3535 586 3604 volgniizznmento
605 3534 648 3587 del
665 3533 781 3588 Betussi.

268 3625 306 3694 (2)
325 3625 372 3679 De'
383 3625 459 3680 codd.
478 3643 493 3679 e
512 3624 556 3678 del
574 3628 655 3688 testo,
673 3640 732 3678 non
754 3641 847 3694 parva
873 3641 902 3678 eo
931 3631 1053 3692 tempore
1076 3625 1172 3693 qloria
1189 3641 1257 3679 mu-

195 3718 270 3780 lieri,
288 3733 303 3770 e
323 3716 449 3770 convince
468 3715 597 3770 d'enrore
624 3713 652 3768 la
678 3717 793 3784 stampe,
813 3715 841 3766 la
859 3713 931 3784 qual
956 3729 1018 3766 cosa
1035 3727 1095 3764 non
1122 3729 1171 3766 ere
1191 3716 1256 3783 pic-

193 3807 255 3859 coia
272 3823 342 3860 cosa.

264 3893 303 3963 (3)
322 3895 424 3959 Questn
441 3893 515 3948 volte
532 3893 684 3946 mischiata
702 3897 717 3946 ὸ
735 3893 763 3945 di
778 3893 843 3947 tutti
869 3893 879 3946 i
907 3891 1017 3947 eodan
1045 3891 1116 3946 della
1142 3895 1255 3965 stampe„

196 3984 259 4038 Non
278 3984 379 4038 avendo
391 3984 471 4039 alcun
490 3985 614 4037 menante
626 3985 742 4052 pensato
755 3983 783 4036 di
800 3980 948 4036 cambiarlo
967 3982 995 4035 in
1012 3983 1169 4045 maeoniam,
1181 3999 1257 4037 come

196 4075 220 4128 si
239 4077 254 4127 ὸ
272 4075 370 4130 vednto
388 4091 438 4145 per
455 4073 481 4128 lo
500 4073 616 4137 innanzi,
634 4088 719 4142 segne
737 4074 752 4125 ὸ
770 4070 820 4127 che
838 4070 1017 4126 l'Albenzani
1039 4071 1187 4142 l’adopero
1205 4089 1256 4126 con

196 4165 310 4232 ragione
329 4182 346 4219 a
364 4165 521 4237 preferenza
539 4161 600 4216 dell’
610 4161 688 4217 altro.
