3304 5170
605 438 803 506 ..223-

175 569 299 638 menati
321 567 407 634 33113
429 569 558 652 potesta
582 565 615 631 di
637 565 773 650 Filippo.
798 565 853 630 Ma
877 563 1016 641 Poride,
1041 562 1243 632 biasimando

172 682 201 744 si
224 677 398 743 3331133313
422 674 598 761 oonsiglio,
623 694 682 759 por
705 673 875 740 consolare
899 670 946 759 (1)
978 673 1009 736 13
1044 673 1164 760 moglio
1188 674 1242 740 31

174 784 320 872 figliuoli,
337 781 495 870 professo,
511 802 570 868 per
593 782 624 847 13
647 781 753 848 331313
777 781 809 846 11
832 780 930 865 quelli
947 780 1003 866 (2),
1019 780 1242 865 portariivia,

172 915 191 960 3
214 892 359 960 33113311
381 891 428 978 (3)
451 909 608 976 appresso
631 889 661 956 1’
674 890 769 955 31333
793 889 898 956 131313
920 889 1039 966 33133,
1063 909 1080 954 3
1105 889 1137 954 11
1163 887 1242 976 fug-

176 1003 248 1088 3133
273 1001 328 1068 via
351 1019 409 1085 per
441 1019 501 1064 333
534 999 735 1084 compagnias.
759 999 786 1064 E
821 1016 886 1063 333
916 995 986 1064 1333
1021 997 1154 1084 indugio
1177 996 1243 1086 (4);

173 1129 228 1174 ma
249 1107 332 1176 13113
349 1109 437 1176 vista
454 1106 483 1173 d·
492 1105 616 1173 331333
639 1105 681 1172 13
702 1105 910 1172 Τ3333133133
927 1103 972 1192 (5)
989 1105 1021 1171 31
1044 1107 1164 1192 133313
1184 1125 1243 1191 por

246 1425 285 1499 (1)
302 1427 363 1482 Lea.
382 1426 409 1480 di
427 1427 492 1481 tutti
510 1427 520 1480 i
539 1427 634 1481 codici.
653 1425 693 1480 La
710 1428 816 1496 stampe
834 1425 870 1480 ha
888 1427 1041 1496 mafortem
1059 1424 1198 1480 3331113113
1217 1426 1242 1479 31

175 1519 334 1588 conssqts'are
358 1517 400 1571 131
419 1517 477 1571 cod.
496 1517 640 1582 3333111333,
659 1516 710 1570 che
727 1518 773 1588 qui
794 1532 847 1570 333
867 1515 903 1569 ha
921 1515 1010 1584 luogo.

246 1608 287 1678 (2)
306 1607 344 1661 Lo
362 1611 469 1677 stampe
486 1611 696 1676 coronamenta,
712 1624 763 1678 per
781 1609 934 1678 confortare
953 1605 979 1658 la
1000 1605 1105 1675 moqtie,
1120 1607 1244 1676 proserse

172 1697 327 1768 persoluta
344 1696 374 1749 di
389 1697 481 1766 queqli
494 1697 619 1766 fiqliuoli.

247 1785 286 1857 (3)
303 1785 423 1852 Panaeti,
443 1786 463 1839 il
482 1786 713 1842 331113333ῐὶ33.

248 1875 288 1947 (1)
306 1875 426 1944 Induqa'a
444 1859 667 1946 (3113131.)3333
686 1875 788 1942 331.,3
806 1875 832 1929 31
851 1879 942 1946 tempo
960 1870 1243 1947 1311111133333133-

176 1970 235 2020 tosa
255 1982 343 2019 333333
362 1980 426 2018 voco
445 1964 514 2018 siva.
534 1962 604 2033 Oggi
624 1968 639 2018 1
656 1965 806 2036 antiquata.

248 2056 288 2126 (5)
305 2055 364 2110 Non
385 2054 526 2124 potandosi
546 2059 721 2110 1133333113
750 2070 829 2108 33333
849 2055 892 2108 131
917 2054 1002 2110 latino
1028 2055 1071 2109 131
1088 2053 1244 2124 1133333313,

177 2147 258 2218 qualo
276 2145 323 2199 c’o
342 2146 454 2200 31333313
473 2145 514 2198 ns*
525 2145 612 2199 codici
630 2161 645 2198 3
664 2145 736 2198 33113
754 2149 868 2214 stampe,
887 2145 958 2215 dopo
974 2145 1064 2199 averio
1083 2146 1129 2215 qui
1154 2150 1245 2200 333313

177 2236 345 2308 persicum
363 2235 405 2288 131
424 2234 527 2302 leticie,
538 2234 765 2303 soggiangeromo
783 2233 803 2288 il
822 2234 904 2303 luogo
923 2234 1094 2289 chiarissimo
1113 2235 1140 2288 di
1158 2235 1244 2302 Livio,

178 2416 300 2482 ch’osso,
321 2431 370 2470 oso
388 2430 443 2468 333
463 2415 486 2468 31
504 2415 608 2468 ricem
626 2415 659 2468 31
687 2415 800 2468 arbitrii.
822 2413 1057 2483 Ν311331333331
1083 2415 1246 2470 3313133313

180 2505 242 2558 dall·
254 2505 364 2558 11111333
382 2521 396 2558 3
415 2504 460 2557 131
479 2503 585 2558 Β313331
604 2504 646 2558 313
676 2504 720 2557 131
739 2503 887 2573 principio:
906 2521 952 2556 ma
974 2506 1040 2574 fatto
1067 2506 1133 2557 aista
1156 2504 1246 2557 d’an-

178 2595 245 2648 dare
263 2611 280 2646 a
303 2594 472 2647 Tessatonica
488 2611 539 2664 per
558 2594 582 2646 13
600 2595 729 2664 saceificio
752 2594 808 2646 atta
825 2601 914 2645 statua
931 2593 961 2646 di
977 2592 1109 2648 linea...
1139 2595 1246 2665 quando

178 2686 286 2739 13311331
305 2701 359 2738 333
378 2683 405 2736 11
424 2677 527 2737 331333
542 2700 558 2737 3
576 2683 759 2748 Tessalonica,
778 2700 823 2736 ma
840 2684 867 2738 di
888 2685 988 2754 partire
1006 2684 1040 2737 13
1064 2684 1137 2738 13113
1156 2685 1246 2753 luogo,

178 2793 193 2828 3
212 2791 266 2828 333
285 2775 312 2827 11
331 2773 460 2842 sacrificio
479 2773 535 2826 3113
558 2767 661 2837 statua,
680 2788 725 2826 ma
742 2773 770 2826 di
788 2773 950 2843 sacraficium
975 2781 1090 2836 statum,
1110 2788 1186 2826 coms
1204 2791 1246 2828 vo·

178 2855 279 2916 dromo.
298 2862 386 2932 Segua
405 2863 424 2915 il
443 2863 604 2916 Boccaccio:
623 2879 685 2916 cum
701 2863 827 2940 finxisset
845 2879 862 2914 3
879 2862 1066 2916 Thessalonica
1085 2879 1198 2916 aeneam
1212 2864 1249 2917 ad

177 2960 304 3016 statuam,
322 2954 469 3023 quotannis
487 2951 594 3005 Aeneae
611 2952 742 3006 conditori
757 2952 922 3022 sacrificium
934 2954 1141 3023 piofecturum‚
1160 2954 1248 3024 ibique

178 3045 249 3096 inter
265 3043 396 3096 solemnes
414 3043 595 3096 caeremonias
612 3042 760 3112 epulasque
776 3042 847 3095 11333
865 3045 1079 3112 consumpsisset,
1100 3059 1158 3096 una
1185 3059 1248 3097 aum

179 3130 251 3186 33113
265 3138 289 3184 31
306 3133 419 3200 coniuqe
430 3131 500 3184 clam
517 3131 648 3200 soporatis
666 3130 801 3194 omnibus,
815 3133 897 3184 333113
915 3131 1006 3200 oiqitta
1018 3133 1102 3194 133133,
1116 3139 1247 3202 tanquam

179 3222 211 3272 in
224 3223 345 3291 patriam
362 3219 514 3282 rediturus,
527 3227 724 3289 praeparatam
751 3221 844 3273 navim
868 3221 1035 3284 conscendit,
1052 3237 1082 3275 eo
1101 3223 1246 3292 proposita,

179 3318 210 3362 ut
227 3307 364 3363 Euboeam
382 3326 439 3364 non
463 3309 678 3362 Thessalonicam
700 3310 846 3380 pometil
872 3310 951 3380 quale
977 3327 1056 3380 passo
1086 3312 1162 3365 vieno
1191 3313 1248 3365 cosi

181 3399 359 3454 raddirizzato
378 3415 393 3452 3
412 3399 526 3454 chiarito
544 3398 588 3451 131
616 3404 745 3466 33333313
772 3398 799 3452 11
818 3397 895 3454 Livio
914 3399 949 3470 (1.
964 3398 1011 3470 3.).
1032 3399 1250 3470 Prafioa'scuntur

180 3489 215 3542 ab
237 3488 425 3542 Thessalonica
442 3487 563 3541 Aeneam
581 3488 619 3541 aei
641 3495 740 3540 statum
758 3489 935 3558 saca-fimum,
954 3489 1028 3559 quod
1048 3489 1180 3543 conditori
1196 3490 1247 3542 Ae-

180 3595 247 3632 neae
265 3593 327 3632 mam
346 3593 449 3646 maqna
466 3579 616 3632 ceremonia
634 3580 780 3647 quotannis
797 3580 911 3650 faciunt.
924 3577 968 3632 Ibi
984 3578 1025 3632 die
1035 3595 1090 3649 per
1107 3579 1250 3632 sollennes

179 3667 275 3738 apulos
292 3674 457 3736 consumpto,
476 3683 573 3720 navem
586 3674 764 3738 preparatam
788 3683 806 3719 a
824 3666 931 3730 Poride,
959 3669 1049 3738 sopitas
1074 3667 1200 3720 omnibus
1217 3667 1250 3720 de

180 3759 255 3810 tertia
273 3757 363 3826 oiqitea
392 3755 574 3810 conscendunt
600 3763 732 3826 tanquam
755 3755 870 3810 redituri
894 3758 924 3810 in
956 3756 1187 3810 Thessalonicam:
1204 3756 1251 3809 sed

180 3847 303 3918 trajecere
320 3847 351 3898 in
369 3843 506 3898 Euboeam
523 3851 581 3898 erat
596 3847 774 3914 propositum.
790 3845 812 3898 E
832 3847 879 3916 qui
898 3845 1068 3914 aggiungero
1086 3845 1120 3898 ad
1144 3846 1250 3899 obbon-

182 3936 269 3989 13333
287 3933 405 3988 l'eotico
424 3933 668 4003 volgaiizaamcnto
687 3933 819 4003 impresso
838 3935 866 3989 in
886 3933 973 3988 Rome
997 3949 1123 4004 appresso
1146 3934 1177 3986 31
1193 3934 1251 3987 Pa-

185 4025 248 4076 latio
266 4023 296 4077 di
311 4039 362 4076 saa
381 4022 473 4076 Marco
492 4023 512 4076 il
534 4021 609 4087 1476,
629 4022 678 4076 che
699 4022 734 4078 ho
754 4025 800 4092 qui
819 4023 947 4077 11333331
966 4039 1020 4076 333
1039 4039 1055 4076 3
1073 4023 1193 4090 disemo,
1207 4039 1251 4076 ma

186 4113 388 4183 poressecmisi
408 4113 530 4183 equasti
550 4111 691 4166 11313313
719 4112 889 4167 1333331333
913 4113 940 4166 11
967 4113 1102 4183 compiare
1129 4113 1155 4166 13
1173 4113 1252 4182 copia
